<record><leader>00000cas a2200000 a 4500</leader><controlfield tag="001">40198195</controlfield><controlfield tag="008">981030d19071908orucr ne      0    0eng c</controlfield><datafield ind1=" " ind2=" " tag="010"><subfield code="a">sn 97071092 </subfield></datafield><datafield ind1=" " ind2=" " tag="040"><subfield code="a">OCN</subfield><subfield code="b">eng</subfield><subfield code="c">OCN</subfield><subfield code="d">OCL</subfield><subfield code="d">OCLCQ</subfield><subfield code="d">ORU</subfield><subfield code="d">OCLCQ</subfield><subfield code="d">OCLCF</subfield><subfield code="d">OCLCO</subfield></datafield><datafield ind1="1" ind2=" " tag="029"><subfield code="a">AU@</subfield><subfield code="b">000022800371</subfield></datafield><datafield ind1=" " ind2=" " tag="042"><subfield code="a">pcc</subfield></datafield><datafield ind1=" " ind2=" " tag="043"><subfield code="a">n-us-or</subfield></datafield><datafield ind1="0" ind2="0" tag="245"><subfield code="a">Southern Oregonian and Jacksonville times.</subfield></datafield><datafield ind1=" " ind2=" " tag="260"><subfield code="a">Medford, Or. :</subfield><subfield code="b">Medford Pub. Co.,</subfield><subfield code="c">1907-1908.</subfield></datafield><datafield ind1=" " ind2=" " tag="300"><subfield code="a">v.</subfield></datafield><datafield ind1=" " ind2=" " tag="310"><subfield code="a">Semiweekly</subfield></datafield><datafield ind1="0" ind2=" " tag="362"><subfield code="a">Vol. 37, no. 33 (Aug. 28, 1907)-v.37, no. 99 (Apr. 15, 1908).</subfield></datafield><datafield ind1=" " ind2=" " tag="530"><subfield code="a">Also issued on microfilm from University of Oregon.</subfield></datafield><datafield ind1=" " ind2="0" tag="651"><subfield code="a">Medford (Or.)</subfield><subfield code="v">Newspapers.</subfield></datafield><datafield ind1=" " ind2="7" tag="655"><subfield code="a">Newspapers.</subfield><subfield code="2">fast</subfield><subfield code="0">(OCoLC)fst01423814</subfield></datafield><datafield ind1=" " ind2="7" tag="651"><subfield code="a">Oregon</subfield><subfield code="z">Medford.</subfield><subfield code="2">fast</subfield><subfield code="0">(OCoLC)fst01217574</subfield></datafield><datafield ind1=" " ind2=" " tag="752"><subfield code="a">United States</subfield><subfield code="b">Oregon</subfield><subfield code="c">Jackson</subfield><subfield code="d">Medford.</subfield></datafield><datafield ind1="0" ind2="0" tag="780"><subfield code="t">Southern Oregonian (Medford, Or. : 1902)</subfield><subfield code="w">(DLC)sn 85033158</subfield><subfield code="w">(OCoLC)11702946</subfield></datafield><datafield ind1="0" ind2="0" tag="785"><subfield code="t">Southern Oregonian (Medford, Or. : 1908)</subfield><subfield code="w">(DLC)sn 97071093</subfield><subfield code="w">(OCoLC)40309013</subfield></datafield></record>